%% This BibTeX bibliography file was created using BibDesk.
%% http://bibdesk.sourceforge.net/


%% Created for niklas at 2014-04-30 23:03:27 +0200 


%% Saved with string encoding Unicode (UTF-8) 

@book{Busse2006,
  title={The impact of forward error correction on wireless sensor network performance},
  author={Busse, Marcel and Haenselmann, Thomas and Effelsberg, Wolfgang},
  year={2006},
  publisher={Universit{\"a}t Mannheim/Institut f{\"u}r Informatik}
}

@article{Liu1997,
  title={Error control schemes for networks: An overview},
  author={Liu, Hang and Ma, Hairuo and El Zarki, Magda and Gupta, Sanjay},
  journal={Mobile Networks and Applications},
  volume={2},
  number={2},
  pages={167--182},
  year={1997},
  publisher={Kluwer Academic Publishers}
}

@article{Ahn2005,
  title={An adaptive FEC code control algorithm for mobile wireless sensor networks},
  author={Ahn, Jong-Suk and Hong, Seung-Wook and Heidemann, John},
  journal={Communications and Networks, Journal of},
  volume={7},
  number={4},
  pages={489--498},
  year={2005},
  publisher={IEEE}
}

@article{Jin2013,
  title={Energy-aware adaptive cooperative FEC protocol in MIMO channel for wireless sensor networks},
  author={Jin, Yong and Bai, Guangwei},
  journal={Journal of Electrical and Computer Engineering},
  volume={2013},
  pages={12},
  year={2013},
  publisher={Hindawi Publishing Corp.}
}

@inproceedings{Sartipi2004,
  title={Source and channel coding in wireless sensor networks using LDPC codes},
  author={Sartipi, Mina and Fekri, Faramarz},
  booktitle={Sensor and Ad Hoc Communications and Networks, 2004. IEEE SECON 2004. 2004 First Annual IEEE Communications Society Conference on},
  pages={309--316},
  year={2004},
  organization={IEEE}
}

@article{Jeong2003,
  title={Forward error correction in sensor networks},
  author={Jeong, Jaein and Ee, Cheng Tien},
  journal={University of California at Berkeley},
  year={2003}
}

@inproceedings{Tian2008,
  title={Energy efficiency analysis of error control schemes in wireless sensor networks},
  author={Tian, Zhen and Yuan, Dongfeng and Liang, Quanquan},
  booktitle={Wireless Communications and Mobile Computing Conference, 2008. IWCMC'08. International},
  pages={401--405},
  year={2008},
  organization={IEEE}
}

@inproceedings{Schmidt2009,
  title={Error correction in single-hop wireless sensor networks: a case study},
  author={Schmidt, Daniel and Berning, Matthias and Wehn, Norbert},
  booktitle={Proceedings of the Conference on Design, Automation and Test in Europe},
  pages={1296--1301},
  year={2009},
  organization={European Design and Automation Association}
}

@article{Riemann2005,
  title={Improving 802.11 range with forward error correction},
  author={Riemann, Reina and Winstein, Keith},
  year={2005}
}

@article{Zuniga2013,
  title={D-1.1 Report on Environmental and Platform Models},
  author={TUD, Marco Antonio Z{\'u}{\~n}iga and UzL, Carlo Alberto Boano and Brown, James and Keppitiyagama, Chamath and UzL, Felix Jonathan Oppermann and Alcock, Paul and Tsiftes, Nicolas and Roedig, Utz and UzL, Kay R{\"o}mer and Voigt, Thiemo and others},
  year={2013}
}

@article{Qin2013,
	Acmid = {2529921},
	Address = {New York, NY, USA},
	Articleno = {1},
	Author = {Qin, Fei and Mitchell, John E.},
	Date-Added = {2014-04-30 21:00:55 +0000},
	Date-Modified = {2014-04-30 21:00:55 +0000},
	Doi = {10.1145/2529921},
	Issn = {1550-4859},
	Issue_Date = {November 2013},
	Journal = {ACM Trans. Sen. Netw.},
	Keywords = {Wireless sensor networks, adaptive spreading code length, channel estimation, heavy traffic load, media access control},
	Month = dec,
	Number = {1},
	Numpages = {29},
	Pages = {1:1--1:29},
	Publisher = {ACM},
	Title = {AS-MAC: Utilizing the Adaptive Spreading Code Length for Wireless Sensor Networks},
	Url = {http://doi.acm.org/10.1145/2529921},
	Volume = {10},
	Year = {2013},
	Bdsk-Url-1 = {http://doi.acm.org/10.1145/2529921},
	Bdsk-Url-2 = {http://dx.doi.org/10.1145/2529921}}

@incollection{Hermans2014,
	Author = {Hermans, Frederik and Wennerstr{\"o}m, Hjalmar and McNamara, Liam and Rohner, Christian and Gunningberg, Per},
	Booktitle = {Wireless Sensor Networks},
	Pages = {116--132},
	Publisher = {Springer},
	Title = {All Is Not Lost: Understanding and Exploiting Packet Corruption in Outdoor Sensor Networks},
	Year = {2014}}

@inproceedings{Boano2014,
	Acmid = {2602351},
	Address = {Piscataway, NJ, USA},
	Author = {Boano, Carlo Alberto and Z\'{u}\~{n}iga, Marco and Brown, James and Roedig, Utz and Keppitiyagama, Chamath and R\"{o}mer, Kay},
	Booktitle = {Proceedings of the 13th International Symposium on Information Processing in Sensor Networks},
	Date-Added = {2014-04-30 20:56:45 +0000},
	Date-Modified = {2014-04-30 20:56:55 +0000},
	Isbn = {978-1-4799-3146-0},
	Keywords = {csma, protocol performance, rpl, temperature, templab, testbed, wireless sensor networks.},
	Location = {Berlin, Germany},
	Numpages = {12},
	Pages = {95--106},
	Publisher = {IEEE Press},
	Series = {IPSN '14},
	Title = {TempLab: A Testbed Infrastructure to Study the Impact of Temperature on Wireless Sensor Networks},
	Url = {http://dl.acm.org/citation.cfm?id=2602339.2602351},
	Year = {2014},
	Bdsk-Url-1 = {http://dl.acm.org/citation.cfm?id=2602339.2602351}}

@inproceedings{Mandel2013,
	Acmid = {2517371},
	Address = {New York, NY, USA},
	Articleno = {3},
	Author = {Mandel, Travis and Mache, Jens},
	Booktitle = {Proceedings of the 11th ACM Conference on Embedded Networked Sensor Systems},
	Date-Added = {2014-04-30 20:55:09 +0000},
	Date-Modified = {2014-04-30 20:55:50 +0000},
	Doi = {10.1145/2517351.2517371},
	Isbn = {978-1-4503-2027-6},
	Keywords = {ARQ, IEEE 802.15.4, cyclic redundancy check (CRC), error correction, performance evaluation, wireless},
	Location = {Roma, Italy},
	Numpages = {14},
	Pages = {3:1--3:14},
	Publisher = {ACM},
	Series = {SenSys '13},
	Title = {Practical Error Correction for Resource-constrained Wireless Networks: Unlocking the Full Power of the CRC},
	Url = {http://doi.acm.org/10.1145/2517351.2517371},
	Year = {2013},
	Bdsk-Url-1 = {http://doi.acm.org/10.1145/2517351.2517371},
	Bdsk-Url-2 = {http://dx.doi.org/10.1145/2517351.2517371}}

@inproceedings{Schmid2010,
	Acmid = {1870010},
	Address = {New York, NY, USA},
	Author = {Schmid, Thomas and Charbiwala, Zainul and Anagnostopoulou, Zafeiria and Srivastava, Mani B. and Dutta, Prabal},
	Booktitle = {Proceedings of the 8th ACM Conference on Embedded Networked Sensor Systems},
	Doi = {10.1145/1869983.1870010},
	Isbn = {978-1-4503-0344-6},
	Keywords = {clock drift, clock synchronization, multi-hop, routing integrated, sensor networks, time synchronization},
	Location = {Z\&\#252;rich, Switzerland},
	Numpages = {14},
	Pages = {267--280},
	Publisher = {ACM},
	Series = {SenSys '10},
	Title = {A Case Against Routing-integrated Time Synchronization},
	Url = {http://doi.acm.org/10.1145/1869983.1870010},
	Year = {2010},
	Bdsk-Url-1 = {http://doi.acm.org/10.1145/1869983.1870010},
	Bdsk-Url-2 = {http://dx.doi.org/10.1145/1869983.1870010}}

@inproceedings{Gay2003,
	Acmid = {781133},
	Address = {New York, NY, USA},
	Author = {Gay, David and Levis, Philip and von Behren, Robert and Welsh, Matt and Brewer, Eric and Culler, David},
	Booktitle = {Proceedings of the ACM SIGPLAN 2003 conference on Programming language design and implementation},
	Doi = {10.1145/781131.781133},
	Isbn = {1-58113-662-5},
	Keywords = {C, TinyOS, components, concurrency, data races, first-order, modules, nesC, programming languages},
	Location = {San Diego, California, USA},
	Numpages = {11},
	Pages = {1--11},
	Publisher = {ACM},
	Series = {PLDI '03},
	Title = {The nesC language: A holistic approach to networked embedded systems},
	Url = {http://doi.acm.org/10.1145/781131.781133},
	Year = {2003},
	Bdsk-Url-1 = {http://doi.acm.org/10.1145/781131.781133},
	Bdsk-Url-2 = {http://dx.doi.org/10.1145/781131.781133}}

@inproceedings{ODonovan2010,
	Acmid = {1978654},
	Address = {New York, NY, USA},
	Articleno = {9},
	Author = {O'Donovan, Tony and Tsiftes, Nicolas and He, Zhitao and Voigt, Thiemo and Sreenan, Cormac J.},
	Booktitle = {Proceedings of the 6th Workshop on Hot Topics in Embedded Networked Sensors},
	Doi = {10.1145/1978642.1978654},
	Isbn = {978-1-4503-0265-4},
	Keywords = {performance anomalies, sensor networks},
	Location = {Killarney, Ireland},
	Numpages = {5},
	Pages = {9:1--9:5},
	Publisher = {ACM},
	Series = {HotEmNets '10},
	Title = {Detailed Diagnosis of Performance Anomalies in Sensornets},
	Url = {http://doi.acm.org/10.1145/1978642.1978654},
	Year = {2010},
	Bdsk-Url-1 = {http://doi.acm.org/10.1145/1978642.1978654},
	Bdsk-Url-2 = {http://dx.doi.org/10.1145/1978642.1978654}}

@inproceedings{Ma2009,
	Author = {Ruiping Ma and Liudong Xing and Tongdan Jin and Tailiang Song},
	Booktitle = {Networking, Architecture, and Storage, 2009. NAS 2009. IEEE International Conference on},
	Doi = {10.1109/NAS.2009.10},
	Keywords = {Reed-Solomon codes;data communication;telecommunication network reliability;wireless sensor networks;Reed-Solomon FEC codes;cryptographic algorithms;data transmission mechanism;survivable sensor networks;wireless sensor networks;Automatic repeat request;Data communication;Data security;Error correction codes;Forward error correction;Information security;National security;Reed-Solomon codes;USA Councils;Wireless sensor networks;queuing model;reliability;security;survivability;wireless sensor network},
	Pages = {9-15},
	Title = {A Data Transmission Mechanism for Survivable Sensor Networks},
	Year = {2009},
	Bdsk-Url-1 = {http://dx.doi.org/10.1109/NAS.2009.10}}

@inproceedings{Xu2009,
	Author = {Kunjie Xu and Howitt, I.},
	Booktitle = {Southeastcon, 2009. SOUTHEASTCON '09. IEEE},
	Doi = {10.1109/SECON.2009.5174087},
	Keywords = {optimisation;personal area networks;telecommunication traffic;transceivers;wireless sensor networks;Chipcon CC2420;LR-WPAN RF transceiver energy model;RF transmission energy cost;energy balanced optimization;energy-efficient traffic plan;first order radio model;low rate WPAN network;low-rate wireless personal area networks;multihop wireless sensor networks;optimized energy balanced transmission scheme;power control policy;radio transceiver;realistic energy model;traffic flow patterns;Area measurement;Costs;Radio frequency;Sensor phenomena and characterization;Spread spectrum communication;Telecommunication traffic;Traffic control;Transceivers;Wireless personal area networks;Wireless sensor networks},
	Pages = {261-266},
	Title = {Realistic energy model based energy balanced optimization for Low Rate WPAN network},
	Year = {2009},
	Bdsk-Url-1 = {http://dx.doi.org/10.1109/SECON.2009.5174087}}

@inproceedings{Barberis2007,
	Acmid = {1302845},
	Address = {Washington, DC, USA},
	Author = {Barberis, Agustin and Barboni, Leonardo and Valle, Maurizio},
	Booktitle = {Proceedings of the 10th Euromicro Conference on Digital System Design Architectures, Methods and Tools},
	Doi = {10.1109/DSD.2007.50},
	Isbn = {0-7695-2978-X},
	Keywords = {Wireless Sensor Networks, Energy, Simulation},
	Numpages = {8},
	Pages = {455--462},
	Publisher = {IEEE Computer Society},
	Series = {DSD '07},
	Title = {Evaluating Energy Consumption in Wireless Sensor Networks Applications},
	Url = {http://dx.doi.org/10.1109/DSD.2007.50},
	Year = {2007},
	Bdsk-Url-1 = {http://dx.doi.org/10.1109/DSD.2007.50}}

@inproceedings{Eswaran2005,
	Acmid = {1106672},
	Address = {Washington, DC, USA},
	Author = {Eswaran, Anand and Rowe, Anthony and Rajkumar, Raj},
	Booktitle = {Proceedings of the 26th IEEE International Real-Time Systems Symposium},
	Doi = {10.1109/RTSS.2005.30},
	Isbn = {0-7695-2490-7},
	Numpages = {10},
	Pages = {256--265},
	Publisher = {IEEE Computer Society},
	Series = {RTSS '05},
	Title = {Nano-RK: An Energy-Aware Resource-Centric RTOS for Sensor Networks},
	Url = {http://dx.doi.org/10.1109/RTSS.2005.30},
	Year = {2005},
	Bdsk-Url-1 = {http://dx.doi.org/10.1109/RTSS.2005.30}}

@inproceedings{Zheng2011,
	Author = {Guanbo Zheng and Dong Han and Rong Zheng and Schmitz, C. and Xiaojing Yuan},
	Booktitle = {Global Telecommunications Conference (GLOBECOM 2011), 2011 IEEE},
	Doi = {10.1109/GLOCOM.2011.6133782},
	Issn = {1930-529X},
	Keywords = {Zigbee;access protocols;radio links;telecommunication network management;CC2420 chipset;IEEE 802.15.4 Zigbee radios;IEEE 802.15.4 low-rate WPAN;LQI reading deciphering;MAC frames;PHY condition estimation;chip correlation;commercial-of-the-shelf devices;commodity Zigbee radios;cross-layer resource management;cross-layer resource provisioning;frame check sequence;instantaneous link quality prediction;link quality indicator;link quality inference model;noise floor reading;received signal strength indicator;receiver;resource management decisions;signal-to-noise ratio;wireless personal area network;Analytical models;Correlation;IEEE 802.15 Standards;Receivers;Signal to noise ratio;Zigbee},
	Pages = {1-6},
	Title = {A Link Quality Inference Model for IEEE 802.15.4 Low-Rate WPANs},
	Year = {2011},
	Bdsk-Url-1 = {http://dx.doi.org/10.1109/GLOCOM.2011.6133782}}

@inproceedings{Suh2007,
	Author = {Changsu Suh and Jung-Eun Joung and Young-Bae Ko},
	Booktitle = {Wireless Communications and Networking Conference, 2007.WCNC 2007. IEEE},
	Doi = {10.1109/WCNC.2007.418},
	Issn = {1525-3511},
	Keywords = {IEEE standards;personal area networks;source coding;telecommunication standards;transceivers;wireless sensor networks;CC2420 RF transceiver;IEEE 802.15.4 standard;RF models;RF physical stack;TOSSIM;TinyOS simulator;WPAN standard;source codes;wireless propagation model;wireless sensor networks;Hardware;Intelligent sensors;Operating systems;Propagation losses;Radio frequency;Sensor systems;Transceivers;Wireless application protocol;Wireless communication;Wireless sensor networks},
	Pages = {2236-2240},
	Title = {New RF Models of the TinyOS Simulator for IEEE 802.15.4 Standard},
	Year = {2007},
	Bdsk-Url-1 = {http://dx.doi.org/10.1109/WCNC.2007.418}}

@inproceedings{Howitt2005,
	Author = {Howitt, I. and Neto, R. and Jing Wang and Conrad, J.M.},
	Booktitle = {Mobile Adhoc and Sensor Systems Conference, 2005. IEEE International Conference on},
	Doi = {10.1109/MAHSS.2005.1542815},
	Keywords = {optimal control;personal area networks;power control;telecommunication control;Chipcon CC2420;WPAN;extended energy model;optimal power control;Costs;Energy efficiency;Energy measurement;Peer to peer computing;Power control;Semiconductor device measurement;Telecommunication network reliability;Testing;Transceivers;Wireless sensor networks},
	Pages = {8 pp.-322},
	Title = {Extended energy model for the low rate WPAN},
	Year = {2005},
	Bdsk-Url-1 = {http://dx.doi.org/10.1109/MAHSS.2005.1542815}}

@inproceedings{Polastre2005,
	Acmid = {1147744},
	Address = {Piscataway, NJ, USA},
	Articleno = {48},
	Author = {Polastre, Joseph and Szewczyk, Robert and Culler, David},
	Booktitle = {Proceedings of the 4th International Symposium on Information Processing in Sensor Networks},
	Isbn = {0-7803-9202-7},
	Location = {Los Angeles, California},
	Publisher = {IEEE Press},
	Series = {IPSN '05},
	Title = {Telos: Enabling Ultra-low Power Wireless Research},
	Url = {http://dl.acm.org/citation.cfm?id=1147685.1147744},
	Year = {2005},
	Bdsk-Url-1 = {http://dl.acm.org/citation.cfm?id=1147685.1147744}}

@article{Vuran2009,
	Author = {Vuran, Mehmet C. and Akyildiz, I.F.},
	Doi = {10.1109/TNET.2008.2009971},
	Issn = {1063-6692},
	Journal = {Networking, IEEE/ACM Transactions on},
	Keywords = {automatic repeat request;forward error correction;telecommunication network routing;wireless channels;wireless sensor networks;automatic repeat request;cross layer analysis;error control;forward error correction codes;low power communication;multihop routing;network routing;wireless channel;wireless sensor networks;Automatic repeat request;cross layer analysis;energy consumption;forward error correction;hybrid ARQ;latency;wireless sensor networks},
	Number = {4},
	Pages = {1186-1199},
	Title = {Error Control in Wireless Sensor Networks: A Cross Layer Analysis},
	Volume = {17},
	Year = {2009},
	Bdsk-Url-1 = {http://dx.doi.org/10.1109/TNET.2008.2009971}}

@inproceedings{Liang2010,
	Acmid = {1870014},
	Address = {New York, NY, USA},
	Author = {Liang, Chieh-Jan Mike and Priyantha, Nissanka Bodhi and Liu, Jie and Terzis, Andreas},
	Booktitle = {Proceedings of the 8th ACM Conference on Embedded Networked Sensor Systems},
	Doi = {10.1145/1869983.1870014},
	Isbn = {978-1-4503-0344-6},
	Keywords = {802.11 interference mitigation, 802.15.4, error correction, wireless measurement study},
	Location = {Z\&\#252;rich, Switzerland},
	Numpages = {14},
	Pages = {309--322},
	Publisher = {ACM},
	Series = {SenSys '10},
	Title = {Surviving Wi-fi Interference in Low Power ZigBee Networks},
	Url = {http://doi.acm.org/10.1145/1869983.1870014},
	Year = {2010},
	Bdsk-Url-1 = {http://doi.acm.org/10.1145/1869983.1870014},
	Bdsk-Url-2 = {http://dx.doi.org/10.1145/1869983.1870014}}

@inproceedings{Sha2013,
	Acmid = {2461415},
	Address = {New York, NY, USA},
	Author = {Sha, Mo and Hackmann, Gregory and Lu, Chenyang},
	Booktitle = {Proceedings of the 12th International Conference on Information Processing in Sensor Networks},
	Doi = {10.1145/2461381.2461415},
	Isbn = {978-1-4503-1959-1},
	Keywords = {CCA control, low power listening, wireless sensor networks},
	Location = {Philadelphia, Pennsylvania, USA},
	Numpages = {12},
	Pages = {277--288},
	Publisher = {ACM},
	Series = {IPSN '13},
	Title = {Energy-efficient Low Power Listening for Wireless Sensor Networks in Noisy Environments},
	Url = {http://doi.acm.org/10.1145/2461381.2461415},
	Year = {2013},
	Bdsk-Url-1 = {http://doi.acm.org/10.1145/2461381.2461415},
	Bdsk-Url-2 = {http://dx.doi.org/10.1145/2461381.2461415}}

@inproceedings{Ghildiyal2011,
	Acmid = {2318791},
	Address = {ICST, Brussels, Belgium, Belgium},
	Author = {Ghildiyal, Ashutosh and Godara, Balwant and Amara, Amara},
	Booktitle = {Proceedings of the 6th International Conference on Body Area Networks},
	Isbn = {978-1-936968-29-9},
	Keywords = {IEEE 802.15.6, MAC, biomedical implants, body area networks, link protocols, media access layer, power optimisation},
	Location = {Beijing, China},
	Numpages = {7},
	Pages = {60--66},
	Publisher = {ICST (Institute for Computer Sciences, Social-Informatics and Telecommunications Engineering)},
	Series = {BodyNets '11},
	Title = {Design of an Ultra Low Power MAC for a Heterogeneous In-body Sensor Network},
	Url = {http://dl.acm.org/citation.cfm?id=2318776.2318791},
	Year = {2011},
	Bdsk-Url-1 = {http://dl.acm.org/citation.cfm?id=2318776.2318791}}

@inproceedings{Tennina2011,
	Acmid = {2068908},
	Address = {New York, NY, USA},
	Author = {Tennina, Stefano and Gomes, Ricardo and Alves, Mario and Ciriello, Vincenzo and Carrozza, Gabriella},
	Booktitle = {Proceedings of the 14th ACM International Conference on Modeling, Analysis and Simulation of Wireless and Mobile Systems},
	Doi = {10.1145/2068897.2068908},
	Isbn = {978-1-4503-0898-4},
	Keywords = {large scale wireless sensor networks, testbed, toolset},
	Location = {Miami, Florida, USA},
	Numpages = {10},
	Pages = {41--50},
	Publisher = {ACM},
	Series = {MSWiM '11},
	Title = {The Dark Side of DEMMON: What is Behind the Scene in Engineering Large-scale Wireless Sensor Networks},
	Url = {http://doi.acm.org/10.1145/2068897.2068908},
	Year = {2011},
	Bdsk-Url-1 = {http://doi.acm.org/10.1145/2068897.2068908},
	Bdsk-Url-2 = {http://dx.doi.org/10.1145/2068897.2068908}}

@inproceedings{Ansari2011,
	Acmid = {2069138},
	Address = {New York, NY, USA},
	Author = {Ansari, Junaid and Ang, Tobias and M\"{a}h\"{o}nen, Petri},
	Booktitle = {Proceedings of the 9th ACM International Symposium on Mobility Management and Wireless Access},
	Doi = {10.1145/2069131.2069138},
	Isbn = {978-1-4503-0901-1},
	Keywords = {ieee 802.15.4 radio, signal classification, wi-fi detection},
	Location = {Miami, Florida, USA},
	Numpages = {10},
	Pages = {35--44},
	Publisher = {ACM},
	Series = {MobiWac '11},
	Title = {WiSpot: Fast and Reliable Detection of Wi-Fi Networks Using IEEE 802.15.4 Radios},
	Url = {http://doi.acm.org/10.1145/2069131.2069138},
	Year = {2011},
	Bdsk-Url-1 = {http://doi.acm.org/10.1145/2069131.2069138},
	Bdsk-Url-2 = {http://dx.doi.org/10.1145/2069131.2069138}}

@inproceedings{Duquennoy2011,
	Acmid = {2070945},
	Address = {New York, NY, USA},
	Author = {Duquennoy, Simon and \"{O}sterlind, Fredrik and Dunkels, Adam},
	Booktitle = {Proceedings of the 9th ACM Conference on Embedded Networked Sensor Systems},
	Doi = {10.1145/2070942.2070945},
	Isbn = {978-1-4503-0718-5},
	Keywords = {energy efficiency, interference, sensor network},
	Location = {Seattle, Washington},
	Numpages = {14},
	Pages = {12--25},
	Publisher = {ACM},
	Series = {SenSys '11},
	Title = {Lossy Links, Low Power, High Throughput},
	Url = {http://doi.acm.org/10.1145/2070942.2070945},
	Year = {2011},
	Bdsk-Url-1 = {http://doi.acm.org/10.1145/2070942.2070945},
	Bdsk-Url-2 = {http://dx.doi.org/10.1145/2070942.2070945}}

@article{Misra2012,
	Author = {Misra, P. and Ahmed, N. and Sanjay Jha},
	Doi = {10.1109/MCOM.2012.6231290},
	Issn = {0163-6804},
	Journal = {Communications Magazine, IEEE},
	Keywords = {protocols;radio links;wireless sensor networks;WSN protocols;interpacket interval;low-power wireless links asymmetry;packet length;physical factors;protocol operation;real-world deployments;simulation studies;wireless sensor networks;Antenna measurements;Protocols;Radio transmitters;Receivers;Wireless communication;Wireless sensor networks},
	Number = {7},
	Pages = {137-146},
	Title = {An empirical study of asymmetry in low-power wireless links},
	Volume = {50},
	Year = {2012},
	Bdsk-Url-1 = {http://dx.doi.org/10.1109/MCOM.2012.6231290}}

@inproceedings{Zhengming2013,
	Author = {Li Zhengming and Zhang Yu and Wang Zheng},
	Booktitle = {Measuring Technology and Mechatronics Automation (ICMTMA), 2013 Fifth International Conference on},
	Doi = {10.1109/ICMTMA.2013.56},
	Keywords = {Zigbee;power transmission lines;radiotelemetry;wireless sensor networks;WSN;Zigbee technology;hierarchical wireless sensor network;icing on-line monitoring system;networking process;node power supply;relay data;transmission lines;CC2420;Iicing;On-line monitoring;WSN;Zigbee},
	Pages = {194-197},
	Title = {An Icing On-Line Monitoring System of Transmission Lines Based on WSN},
	Year = {2013},
	Bdsk-Url-1 = {http://dx.doi.org/10.1109/ICMTMA.2013.56}}

@inproceedings{Peng2008,
	Author = {Zhang Peng and Xia Gui-bin and Xu Ping-ping},
	Booktitle = {Wireless, Mobile and Multimedia Networks (ICWMMN 2008), IET 2nd International Conference on},
	Doi = {10.1049/cp:20080938},
	Keywords = {CORR;LQI;Packet Reception Rate;RSSI},
	Pages = {66-69},
	Title = {Study on the communication link quality in wireless sensor network},
	Year = {2008},
	Bdsk-Url-1 = {http://dx.doi.org/10.1049/cp:20080938}}

@inproceedings{Pianegiani2011,
	Author = {Pianegiani, F.},
	Booktitle = {Instrumentation and Measurement Technology Conference (I2MTC), 2011 IEEE},
	Doi = {10.1109/IMTC.2011.5944355},
	Issn = {1091-5281},
	Keywords = {mobile radio;protocols;radio transceivers;telecommunication network topology;wireless sensor networks;ACK-based transmissions;CC2420 transceiver;IEEE 802.15.4 RF device CC2420;LQ;NesC;PARR;PRR;RF output power;RF transmit power;TOSSIM 2 simulator;TinyOS;WSN module MicaZ;WSN nodes;cluster-tree wireless sensor networks;embedded microcontrollers;energy consumption;link quality;miniTP;mobile networks;mobile nodes;network topology;nonstationary channel;packet reception rate;radio frequency output power;transmit power minimization;wireless communication protocols;wireless communication system;Monitoring;Propagation losses;Protocols;Radio frequency;Servers;Wireless communication;Wireless sensor networks;CC2420;IEEE 802.15.4;LQE;LQI;Link Quality Estimator;Link Quality Indicator;MicaZ;NesC;PARR;PRR;Packet Reception Rate;Packet-Acknowledgment Reception Rate;RF;RSSI;Radio Frequency;Received Signal Strength Indicator;TOSSIM 2;TinyOS;WSN;Wireless Sensor Network;cluster-tree;data center;miniTP;minimization;mobile network;monitoring;network;nonstationary;output power;protocol;run-time;server;transmit power;tuning;wireless},
	Pages = {1-6},
	Title = {miniTP: A protocol for the minimization of the transmit power in wireless networks},
	Year = {2011},
	Bdsk-Url-1 = {http://dx.doi.org/10.1109/IMTC.2011.5944355}}

@inproceedings{Xiaolin2010,
	Author = {Yi Xiaolin and Jia Zhigang and Chen Nanzhong and Zhu Wenjun and Wu Zhongning},
	Booktitle = {Information Engineering and Electronic Commerce (IEEC), 2010 2nd International Symposium on},
	Doi = {10.1109/IEEC.2010.5533200},
	Keywords = {Internet;personal area networks;protocols;radio networks;Aye-Tech Electronics Inc;Chipcon CC2420 RF chip;MCU;MSP430F135;PC peripherals;ZigBee protocol-based Internet;building automation network;building security system;hardware circuitry;industrial control network;low-rate sensor;remote meter reading;things embedded system;wireless network protocol;Automation;Buildings;Embedded system;Industrial control;Internet;Meter reading;Radio frequency;Wireless application protocol;Wireless sensor networks;ZigBee},
	Pages = {1-4},
	Title = {The Research and Implementation of ZigBee Protocol-Based Internet of Things Embedded System},
	Year = {2010},
	Bdsk-Url-1 = {http://dx.doi.org/10.1109/IEEC.2010.5533200}}

@inproceedings{Kumar2009,
	Author = {Kumar, P. and Reddy, L. and Varma, S.},
	Booktitle = {Wireless Communication and Sensor Networks (WCSN), 2009 Fifth IEEE Conference on},
	Doi = {10.1109/WCSN.2009.5434802},
	Keywords = {distance measurement;time-of-arrival estimation;wireless sensor networks;RSSI based localization;Telosb nodes;TinyOs;distance measurement;error estimation scheme;health monitoring systems;received signal strength measurements;time difference of arrival;time of arrival;tracking systems;wireless sensor networks;Base stations;Directive antennas;Distance measurement;Error analysis;Information technology;Monitoring;Receiving antennas;Sensor phenomena and characterization;Vehicle dynamics;Wireless sensor networks;CC2420;Localization;Received Signal Strength (RSS);Telosb;TinyOs;Wireless Sensor Network (WSN)},
	Pages = {1-4},
	Title = {Distance measurement and error estimation scheme for RSSI based localization in Wireless Sensor Networks},
	Year = {2009},
	Bdsk-Url-1 = {http://dx.doi.org/10.1109/WCSN.2009.5434802}}

@inproceedings{Boano2009,
	Author = {Boano, C.A. and Zhitao He and Yafei Li and Voigt, T. and Z{\'u}{\~n}iga, M. and Willig, A.},
	Booktitle = {Local Computer Networks, 2009. LCN 2009. IEEE 34th Conference on},
	Doi = {10.1109/LCN.2009.5355013},
	Keywords = {protocols;radiofrequency interference;wireless sensor networks;CC2420 radio chip;controllable radio interference;sensor network protocols;wireless sensor networks;Application software;Conferences;Electromagnetic interference;Helium;Microwave communication;Protocols;Radio control;Switches;Testing;Wireless sensor networks;Directional antennas;Interference;Modulated carrier;Noise;SNR;Unmodulated carrier;WSN},
	Pages = {865-872},
	Title = {Controllable radio interference for experimental and testing purposes in Wireless Sensor Networks},
	Year = {2009},
	Bdsk-Url-1 = {http://dx.doi.org/10.1109/LCN.2009.5355013}}

@inproceedings{Joe2009,
	Author = {Hyunwoo Joe and Jonghyuk Lee and Duk-Kyun Woo and Pyeongsoo Mah and Hyungshin Kim},
	Booktitle = {Information Processing in Sensor Networks, 2009. IPSN 2009. International Conference on},
	Keywords = {power consumption;wireless sensor networks;accurate CC2420 model;cycle-accurate processor emulation;power consumption;sensor network simulator;wireless communication timing;Computational modeling;Computer networks;Computer simulation;Discrete event simulation;Energy consumption;Hardware;Permission;Power system modeling;Sensor phenomena and characterization;Timing;CC2420 model;Instruction-level simulation;Sensor network;Sensor network simulator},
	Pages = {429-430},
	Title = {Demo abstract: A high-fidelity sensor network simulator using accurate CC2420 model},
	Year = {2009}}

@inproceedings{Agarwal2008,
	Acmid = {1446530},
	Address = {Washington, DC, USA},
	Author = {Agarwal, Rachit and Martinez-Catala, Rafael V. and Harte, Sean and Segard, Cedric and O'Flynn, Brendan},
	Booktitle = {Proceedings of the 2008 Second International Conference on Sensor Technologies and Applications},
	Doi = {10.1109/SENSORCOMM.2008.64},
	Isbn = {978-0-7695-3330-8},
	Keywords = {Power, Sensor Networks, Functionality, Modular},
	Numpages = {6},
	Pages = {507--512},
	Publisher = {IEEE Computer Society},
	Series = {SENSORCOMM '08},
	Title = {Modeling Power in Multi-functionality Sensor Network Applications},
	Url = {http://dx.doi.org/10.1109/SENSORCOMM.2008.64},
	Year = {2008},
	Bdsk-Url-1 = {http://dx.doi.org/10.1109/SENSORCOMM.2008.64}}

@article{Baccour2012,
	Acmid = {2240123},
	Address = {New York, NY, USA},
	Articleno = {34},
	Author = {Baccour, Nouha and Koub\^{a}a, Anis and Mottola, Luca and Z\'{u}\~{n}iga, Marco Antonio and Youssef, Habib and Boano, Carlo Alberto and Alves, M\'{a}rio},
	Doi = {10.1145/2240116.2240123},
	Issn = {1550-4859},
	Issue_Date = {September 2012},
	Journal = {ACM Trans. Sen. Netw.},
	Keywords = {Link quality estimation, link characteristics, low-power links, wireless sensor networks},
	Month = sep,
	Number = {4},
	Numpages = {33},
	Pages = {34:1--34:33},
	Publisher = {ACM},
	Title = {Radio Link Quality Estimation in Wireless Sensor Networks: A Survey},
	Url = {http://doi.acm.org/10.1145/2240116.2240123},
	Volume = {8},
	Year = {2012},
	Bdsk-Url-1 = {http://doi.acm.org/10.1145/2240116.2240123},
	Bdsk-Url-2 = {http://dx.doi.org/10.1145/2240116.2240123}}

@inproceedings{Boano2013,
	Author = {Carlo Alberto Boano and Hjalmar Wennerstr\"{o}m and Marco Antonio Z{\'u}{\~n}iga and James Brown and Chamath Keppitiyagama and Felix Jonathan Oppermann and Utz Roedig and Lars-{\AA}ke Nord\'{e}n and Thiemo Voigt and Kay R\"{o}mer},
	Booktitle = {Proceedings of the $5^{th}$ Extreme Conference on Communication ({ExtremeCom})},
	Isbn = {978-1-4503-2171-6},
	Location = {Th\'{o}rsm\"{o}rk, Iceland},
	Month = {aug},
	Pages = {7--12},
	Title = {{Hot Packets}: A Systematic Evaluation of the Effect of Temperature on Low Power Wireless Transceivers},
	Year = {2013}}

@inproceedings{Schmidt2013,
	Acmid = {2505475},
	Address = {New York, NY, USA},
	Author = {Schmidt, Florian and Ceriotti, Matteo and Wehrle, Klaus},
	Booktitle = {Proceedings of the 8th ACM International Workshop on Wireless Network Testbeds, Experimental Evaluation \&\#38; Characterization},
	Doi = {10.1145/2505469.2505475},
	Isbn = {978-1-4503-2364-2},
	Keywords = {IEEE 802.15.4, bit error distribution within frames, coding, measurements, sensor networks, testbeds},
	Location = {Miami, Florida, USA},
	Numpages = {8},
	Pages = {49--56},
	Publisher = {ACM},
	Series = {WiNTECH '13},
	Title = {Bit Error Distribution and Mutation Patterns of Corrupted Packets in Low-power Wireless Networks},
	Url = {http://doi.acm.org/10.1145/2505469.2505475},
	Year = {2013},
	Bdsk-Url-1 = {http://doi.acm.org/10.1145/2505469.2505475},
	Bdsk-Url-2 = {http://dx.doi.org/10.1145/2505469.2505475}}

@article{Casey2010,
	Acmid = {1945405},
	Address = {New York, NY, United States},
	Articleno = {23},
	Author = {Casey, Patrick R. and Tepe, Kemal E. and Kar, Narayan},
	Doi = {10.1155/2010/103406},
	Issn = {1687-1472},
	Issue_Date = {April 2010},
	Journal = {EURASIP J. Wirel. Commun. Netw.},
	Month = apr,
	Numpages = {2},
	Pages = {23:1--23:2},
	Publisher = {Hindawi Publishing Corp.},
	Title = {Design and Implementation of a Testbed for IEEE 802.15.4 (Zigbee) Performance Measurements},
	Url = {http://dx.doi.org/10.1155/2010/103406},
	Volume = {2010},
	Year = {2010},
	Bdsk-Url-1 = {http://dx.doi.org/10.1155/2010/103406}}

@inproceedings{Wennerstrom2013,
	Author = {Wennerstrom, Hjalmar and Hermans, Frederik and Rensfelt, Olof and Rohner, Christian and Norden, Lars-Ake},
	Booktitle = {Sensor, Mesh and Ad Hoc Communications and Networks (SECON), 2013 10th Annual IEEE Communications Society Conference on},
	Doi = {10.1109/SAHCN.2013.6644981},
	Keywords = {Manganese;Radio frequency;TV},
	Pages = {221-229},
	Title = {A long-term study of correlations between meteorological conditions and 802.15.4 link performance},
	Year = {2013},
	Bdsk-Url-1 = {http://dx.doi.org/10.1109/SAHCN.2013.6644981}}

@inproceedings{Klues2007,
	Acmid = {1294286},
	Address = {New York, NY, USA},
	Author = {Klues, Kevin and Handziski, Vlado and Lu, Chenyang and Wolisz, Adam and Culler, David and Gay, David and Levis, Philip},
	Booktitle = {Proceedings of Twenty-first ACM SIGOPS Symposium on Operating Systems Principles},
	Doi = {10.1145/1294261.1294286},
	Isbn = {978-1-59593-591-5},
	Keywords = {concurrency, device driver architecture, energy, tinyOS},
	Location = {Stevenson, Washington, USA},
	Numpages = {14},
	Pages = {251--264},
	Publisher = {ACM},
	Series = {SOSP '07},
	Title = {Integrating Concurrency Control and Energy Management in Device Drivers},
	Url = {http://doi.acm.org/10.1145/1294261.1294286},
	Year = {2007},
	Bdsk-Url-1 = {http://doi.acm.org/10.1145/1294261.1294286},
	Bdsk-Url-2 = {http://dx.doi.org/10.1145/1294261.1294286}}

@inproceedings{Maheshwari2008,
	Acmid = {1410094},
	Address = {New York, NY, USA},
	Author = {Maheshwari, Ritesh and Jain, Shweta and Das, Samir R.},
	Booktitle = {Proceedings of the Third ACM International Workshop on Wireless Network Testbeds, Experimental Evaluation and Characterization},
	Doi = {10.1145/1410077.1410094},
	Isbn = {978-1-60558-187-3},
	Keywords = {CC2420, SINR, additive RSS, interference, joint RSS},
	Location = {San Francisco, California, USA},
	Numpages = {6},
	Pages = {89--94},
	Publisher = {ACM},
	Series = {WiNTECH '08},
	Title = {On Estimating Joint Interference for Concurrent Packet Transmissions in Low Power Wireless Networks},
	Url = {http://doi.acm.org/10.1145/1410077.1410094},
	Year = {2008},
	Bdsk-Url-1 = {http://doi.acm.org/10.1145/1410077.1410094},
	Bdsk-Url-2 = {http://dx.doi.org/10.1145/1410077.1410094}}

@inproceedings{Hermans2013,
	Acmid = {2461392},
	Address = {New York, NY, USA},
	Author = {Hermans, Frederik and Rensfelt, Olof and Voigt, Thiemo and Ngai, Edith and Norden, Lars-\AAke and Gunningberg, Per},
	Booktitle = {Proceedings of the 12th International Conference on Information Processing in Sensor Networks},
	Doi = {10.1145/2461381.2461392},
	Isbn = {978-1-4503-1959-1},
	Keywords = {SoNIC, decision tree, interference classification, mobile sink, wireless sensor networks},
	Location = {Philadelphia, Pennsylvania, USA},
	Numpages = {12},
	Pages = {55--66},
	Publisher = {ACM},
	Series = {IPSN '13},
	Title = {SoNIC: Classifying Interference in 802.15.4 Sensor Networks},
	Url = {http://doi.acm.org/10.1145/2461381.2461392},
	Year = {2013},
	Bdsk-Url-1 = {http://doi.acm.org/10.1145/2461381.2461392},
	Bdsk-Url-2 = {http://dx.doi.org/10.1145/2461381.2461392}}

@misc{fablab,
	Howpublished = {\url{http://www.hci.rwth-aachen.de/fablab}},
	Title = {RWTH FabLab}}

@misc{cm5000,
	Howpublished = {\url{http://www.advanticsys.com/shop/mtmcm5000msp-p-14.html}},
	Title = {CM5000 Tmote Sky Drop-In replacement}}

@misc{xpcc.io,
	Howpublished = {\url{http://www.xpcc.io}},
	Title = {xpcc microcontroller framework}}

@misc{tinyos.net,
	Howpublished = {\url{http://www.tinyos.net}},
	Title = {TinyOS Official Source Tree}}
